
<?xml version="1.0" encoding="UTF-8"?>
<record xmlns="http://www.loc.gov/MARC21/slim">
  <leader>     cas a22        4500</leader>
  <controlfield tag="001">332167429</controlfield>
  <controlfield tag="003">DE-627</controlfield>
  <controlfield tag="005">20200416121805.0</controlfield>
  <controlfield tag="007">cr uuu---uuuuu</controlfield>
  <controlfield tag="008">010730d19961998xx z| p|o     0   |0eng c</controlfield>
  <datafield tag="016" ind1="7" ind2=" ">
    <subfield code="a">022063773</subfield>
    <subfield code="2">DE-101</subfield>
  </datafield>
  <datafield tag="016" ind1="7" ind2=" ">
    <subfield code="a">2053062-6</subfield>
    <subfield code="2">DE-600</subfield>
  </datafield>
  <datafield tag="022" ind1=" " ind2=" ">
    <subfield code="a">1758-6674</subfield>
  </datafield>
  <datafield tag="035" ind1=" " ind2=" ">
    <subfield code="a">(DE-627)332167429</subfield>
  </datafield>
  <datafield tag="035" ind1=" " ind2=" ">
    <subfield code="a">(DE-576)264151879</subfield>
  </datafield>
  <datafield tag="035" ind1=" " ind2=" ">
    <subfield code="a">(DE-599)ZDB2053062-6</subfield>
  </datafield>
  <datafield tag="035" ind1=" " ind2=" ">
    <subfield code="a">(OCoLC)863040307</subfield>
  </datafield>
  <datafield tag="035" ind1=" " ind2=" ">
    <subfield code="a">(OCoLC)1033786247</subfield>
  </datafield>
  <datafield tag="035" ind1=" " ind2=" ">
    <subfield code="a">(OCoLC)1083905275</subfield>
  </datafield>
  <datafield tag="040" ind1=" " ind2=" ">
    <subfield code="a">DE-627</subfield>
    <subfield code="b">ger</subfield>
    <subfield code="c">DE-627</subfield>
    <subfield code="e">rakwb</subfield>
  </datafield>
  <datafield tag="041" ind1=" " ind2=" ">
    <subfield code="a">eng</subfield>
  </datafield>
  <datafield tag="044" ind1=" " ind2=" ">
    <subfield code="c">XA-GB</subfield>
  </datafield>
  <datafield tag="082" ind1="0" ind2="4">
    <subfield code="a">330</subfield>
    <subfield code="a">600</subfield>
    <subfield code="q">DE-600</subfield>
  </datafield>
  <datafield tag="084" ind1=" " ind2=" ">
    <subfield code="a">85.00</subfield>
    <subfield code="2">bkl</subfield>
  </datafield>
  <datafield tag="245" ind1="1" ind2="0">
    <subfield code="a">International journal of quality science</subfield>
  </datafield>
  <datafield tag="264" ind1="3" ind2="1">
    <subfield code="a">Bradford</subfield>
    <subfield code="b">MCB Univ. Press Ltd.</subfield>
    <subfield code="c">1996-1998</subfield>
  </datafield>
  <datafield tag="300" ind1=" " ind2=" ">
    <subfield code="a">Online-Ressource</subfield>
  </datafield>
  <datafield tag="336" ind1=" " ind2=" ">
    <subfield code="a">Text</subfield>
    <subfield code="b">txt</subfield>
    <subfield code="2">rdacontent</subfield>
  </datafield>
  <datafield tag="337" ind1=" " ind2=" ">
    <subfield code="a">Computermedien</subfield>
    <subfield code="b">c</subfield>
    <subfield code="2">rdamedia</subfield>
  </datafield>
  <datafield tag="338" ind1=" " ind2=" ">
    <subfield code="a">Online-Ressource</subfield>
    <subfield code="b">cr</subfield>
    <subfield code="2">rdacarrier</subfield>
  </datafield>
  <datafield tag="362" ind1="0" ind2=" ">
    <subfield code="a">1.1996 - 3.1998</subfield>
  </datafield>
  <datafield tag="363" ind1="0" ind2="0">
    <subfield code="a">1</subfield>
    <subfield code="i">1996</subfield>
  </datafield>
  <datafield tag="363" ind1="1" ind2="0">
    <subfield code="i">1998</subfield>
    <subfield code="a">3</subfield>
  </datafield>
  <datafield tag="500" ind1=" " ind2=" ">
    <subfield code="a">Gesehen am 18.07.2019</subfield>
  </datafield>
  <datafield tag="591" ind1=" " ind2=" ">
    <subfield code="a">C!emerald-URL korr.(30-09-14)206H!URL-Ä(18-07-19)</subfield>
  </datafield>
  <datafield tag="655" ind1=" " ind2="7">
    <subfield code="a">Zeitschrift</subfield>
    <subfield code="0">(DE-588)4067488-5</subfield>
    <subfield code="0">(DE-627)10454466X</subfield>
    <subfield code="0">(DE-576)20917000X</subfield>
    <subfield code="2">gnd-content</subfield>
  </datafield>
  <datafield tag="776" ind1="1" ind2=" ">
    <subfield code="x">1359-8538</subfield>
  </datafield>
  <datafield tag="785" ind1="0" ind2="0">
    <subfield code="i">Aufgeg. in</subfield>
    <subfield code="t">International journal of quality &amp; reliability management</subfield>
    <subfield code="d">Bingley : Emerald, 1984</subfield>
    <subfield code="h">Online-Ressource</subfield>
    <subfield code="w">(DE-627)26601691X</subfield>
  </datafield>
  <datafield tag="856" ind1="4" ind2="0">
    <subfield code="u">http://www.bibliothek.uni-regensburg.de/ezeit/?2053062</subfield>
    <subfield code="x">Frontdoor-Url</subfield>
  </datafield>
  <datafield tag="856" ind1="4" ind2="0">
    <subfield code="u">https://www.emerald.com/insight/publication/issn/1359-8538</subfield>
    <subfield code="x">Verlag</subfield>
  </datafield>
  <datafield tag="856" ind1="4" ind2="0">
    <subfield code="u">https://www.emerald.com/insight/publication/issn/1359-8538</subfield>
    <subfield code="x">Verlag; 1.1996 - 3.1998</subfield>
    <subfield code="z">Deutschlandweit zugänglich</subfield>
  </datafield>
  <datafield tag="912" ind1=" " ind2=" ">
    <subfield code="a">ZDB-1-EFD</subfield>
  </datafield>
  <datafield tag="912" ind1=" " ind2=" ">
    <subfield code="a">ZDB-55-EMP</subfield>
  </datafield>
  <datafield tag="912" ind1=" " ind2=" ">
    <subfield code="a">ZDB-55-EM2</subfield>
  </datafield>
  <datafield tag="912" ind1=" " ind2=" ">
    <subfield code="a">ZDB-55-EM1</subfield>
  </datafield>
  <datafield tag="912" ind1=" " ind2=" ">
    <subfield code="a">ZDB-1-EJP</subfield>
  </datafield>
  <datafield tag="924" ind1="1" ind2=" ">
    <subfield code="a">1737492334</subfield>
    <subfield code="b">DE-206</subfield>
    <subfield code="9">206</subfield>
    <subfield code="c">GBV</subfield>
    <subfield code="d">b</subfield>
    <subfield code="m">1</subfield>
    <subfield code="q">1996</subfield>
    <subfield code="v">3</subfield>
    <subfield code="r">1998</subfield>
    <subfield code="z">lizenziert: 1.1996,1 - 3.1998,4</subfield>
  </datafield>
  <datafield tag="924" ind1="1" ind2=" ">
    <subfield code="a">1737545764</subfield>
    <subfield code="b">DE-206</subfield>
    <subfield code="9">206</subfield>
    <subfield code="c">GBV</subfield>
    <subfield code="d">b</subfield>
    <subfield code="m">1</subfield>
    <subfield code="q">1996</subfield>
    <subfield code="v">3</subfield>
    <subfield code="r">1998</subfield>
    <subfield code="z">lizenziert: 1.1996,1 - 3.1998,4</subfield>
  </datafield>
  <datafield tag="936" ind1="b" ind2="k">
    <subfield code="a">85.00</subfield>
    <subfield code="j">Betriebswirtschaft: Allgemeines</subfield>
    <subfield code="0">(DE-627)106420402</subfield>
  </datafield>
  <datafield tag="951" ind1=" " ind2=" ">
    <subfield code="a">JT</subfield>
  </datafield>
</record>